<record><leader>00000cas a22000007a 4500</leader><controlfield tag="001">14562773</controlfield><controlfield tag="008">861029d18381840mouwr ne      0    0eng d</controlfield><datafield ind1=" " ind2=" " tag="010"><subfield code="a">sn 86053843 </subfield></datafield><datafield ind1=" " ind2=" " tag="040"><subfield code="a">NPX</subfield><subfield code="b">eng</subfield><subfield code="c">NPX</subfield><subfield code="d">MQN</subfield><subfield code="d">OCL</subfield><subfield code="d">OCLCQ</subfield><subfield code="d">OCLCF</subfield><subfield code="d">OCLCO</subfield></datafield><datafield ind1="1" ind2=" " tag="029"><subfield code="a">AU@</subfield><subfield code="b">000020127776</subfield></datafield><datafield ind1=" " ind2=" " tag="042"><subfield code="a">msc</subfield></datafield><datafield ind1=" " ind2=" " tag="043"><subfield code="a">n-us-mo</subfield></datafield><datafield ind1="0" ind2=" " tag="130"><subfield code="a">Western emigrant (Boonville, Mo.)</subfield></datafield><datafield ind1="1" ind2="4" tag="245"><subfield code="a">The western emigrant.</subfield></datafield><datafield ind1=" " ind2=" " tag="260"><subfield code="a">Boonville, Cooper County, Mo. :</subfield><subfield code="b">Robert Brent &amp; J.H. Middleton</subfield></datafield><datafield ind1=" " ind2=" " tag="300"><subfield code="a">v. ;</subfield><subfield code="c">56 cm.</subfield></datafield><datafield ind1=" " ind2=" " tag="310"><subfield code="a">Weekly</subfield></datafield><datafield ind1="1" ind2=" " tag="362"><subfield code="a">Began in Apr. 1838; ceased in 1840.</subfield><subfield code="z">Cf. Taft. W.H. Mo. newspapers.</subfield></datafield><datafield ind1=" " ind2=" " tag="588"><subfield code="a">Description based on: Vol. 1, no. 21 (Sept. 6, 1838).</subfield></datafield><datafield ind1=" " ind2="0" tag="651"><subfield code="a">Boonville (Mo.)</subfield><subfield code="v">Newspapers.</subfield></datafield><datafield ind1=" " ind2="7" tag="655"><subfield code="a">Newspapers.</subfield><subfield code="2">fast</subfield><subfield code="0">(OCoLC)fst01423814</subfield></datafield><datafield ind1=" " ind2="7" tag="651"><subfield code="a">Missouri</subfield><subfield code="z">Boonville.</subfield><subfield code="2">fast</subfield><subfield code="0">(OCoLC)fst01220793</subfield></datafield><datafield ind1=" " ind2=" " tag="752"><subfield code="a">United States</subfield><subfield code="b">Missouri</subfield><subfield code="c">Cooper</subfield><subfield code="d">Boonville.</subfield></datafield><datafield ind1="0" ind2="0" tag="780"><subfield code="t">Boonville herald (Boonville, Mo.)</subfield><subfield code="w">(DLC)sn 83016921</subfield></datafield><datafield ind1="0" ind2="0" tag="785"><subfield code="t">Boonville observer</subfield><subfield code="w">(DLC)sn 89066424</subfield></datafield></record>